@article{ECG_HeH+,
    author =       "Wojciech Cencek and Jacek Komasa and Jacek Rychlewski",
    journal =      "Chem.~Phys.~Lett.",
    volume =       "246",
    pages =        "417",
    year =         "1995"
}
@article{HeH+_Wei2012,
    author =       "Wei-Cheng Tung and Michele Pavanello and Ludwik Adamowicz",
    journal =      "J.~Chem.~Phys.",
    volume =       "137",
    pages =        "164305",
    year =         "2012"
}
@article{PES2_exptrans_fit,
    author =       "John A. Coxon and Photos G. Hajigeorgiou",
    journal =      "J.~Mol.~Spectrosc.",
    volume =       "193",
    pages =        "306--318",
    year =         "1999"
}
@article{PES3,
    author =       "W. Kolos and J. M. Peek",
    journal =      "Chem.~Phys.",
    volume =       "12",
    pages =        "381--386",
    year =         "1976"
}
@article{PES4,
    author =       "W. Kolos",
    journal =      "Int.~J.~Quantum~Chem.",
    volume =       "10",
    number =       "2",
    pages =        "217--224",
    year =         "1976"
}
@article{PES5,
    author =       "Krzysztof Pachucki and Jacek Komasa",
    journal =      "J.~Chem.~Phys.",
    volume =       "137",
    pages =        "204314",
    year =         "2012"
}
@article{PES6,
    author =       "Krzysztof Pachucki",
    journal =      "Phys.~Rev.~A",
    volume =       "85",
    pages =        "042511",
    year =         "2012"
}
@article{PES7,
    author =       "L. Wolniewicz",
    journal =      "J.~Chem.~Phys.",
    volume =       "43",
    number =       "4",
    pages =        "1087",
    year =         "1965"
}
@article{PES8,
    author =       "David M. Bishop and Lap M. Cheung",
    journal =      "J.~Mol.~Spectrosc.",
    volume =       "75",
    pages =        "462--473",
    year =         "1979"
}
@article{PES9,
    author =       "H. H. Michels",
    journal =      "J.~Chem.~Phys.",
    volume =       "44",
    pages =        "3834",
    year =         "1966"
}
@article{exp1,
    author =       "Fusakazu Matsushima and Takeshi Oka and Kojiro Takagi",
    journal =      "Phys.~Rev.~Lett.",
    volume =       "78",
    number =       "9",
    pages =        "1664",
    year =         "1997"
}
@article{Theory1,
    author =       "Sergiy Bubin and Monika Stanke and Dariusz Kedziera and Ludwik Adamowicz",
    journal =      "Phys.~Rev.~A",
    volume =       "76",
    pages =        "022512",
    year =         "2007"
}
@article{Theory2,
    author =       "Monika Stanke and Dariusz Kedziera and Sergiy Bubin and Ludwik Adamowicz",
    journal =      "Phys.~Rev.~A",
    volume =       "77",
    pages =        "022506",
    year =         "2008"
}
@article{Theory3,
    author =       "Michelle Pavanello and Sergiy Bubin and Marcin Molski and Ludwik Adamowicz",
    journal =      "J.~Chem.~Phys.",
    volume =       "123",
    pages =        "104306",
    year =         "2005"
}
@article{Theory4,
    author =       "Monika Stanke and Dariusz Kedziera and Marcin Molski and Sergiy Bubin and Maria Barysz and Ludwik Adamowicz",
    journal =      "Phys.~Rev.~Lett.",
    volume =       "96",
    pages =        "233002",
    year =         "2006"
}
@article{Theory5,
    author =       "M. Cafeiro and L. Adamowicz",
    journal =      "Int.~J.~Quantum~Chem.",
    volume =       "82",
    pages =        "151",
    year =         "2001"
}
@article{Theory6,
    author =       "K. Singer",
    journal =      "Proc. R. Soc. London A",
    volume =       "258",
    pages =        "412",
    year =         "1960"
}
@article{Theory7,
    author =       "R. D. Posthusta",
    journal =      "Int.~J.~Quantum~Chem.",
    volume =       "13",
    pages =        "27--39",
    year =         "1978"
}
@article{exp2,
    author =       "David E. Tolliver and George A. Kyrala and William H. Wing",
    journal =      "Phys.~Rev.~Lett.",
    volume =       "43",
    number =       "23",
    pages =        "1719--1722",
    year =         "1979"
}
@article{exp3,
    author =       "T. R. Hogness and E. G. Lunn",
    journal =      "Phys.~Rev.",
    volume =       "26",
    pages =        "44",
    year =         "1925"
}
@article{exp4,
    author =       "Mark W. Crofton and Robert S. Altman and Nathan N. Haese and Takeshi Oka",
    journal =      "J.~Chem.~Phys.",
    volume =       "91",
    number =       "10",
    pages =        "5882",
    year =         "1989"
}
@article{exp5,
    author =       "Alan Carrington and Richard A. Kennedy and Timothy P. Softley and Paul G. Fournier and Elisabeth G. Richard",
    journal =      "Chem.~Phys.",
    volume =       "81",
    pages =        "251--261",
    year =         "1983"
}
@article{exp6,
    author =       "P. Bernath and T. Amano",
    journal =      "Phys.~Rev.~Lett.",
    volume =       "48",
    number =       "1",
    pages =        "20--22",
    year =         "1982"
}
@article{exp7,
    author =       "Di-Jia Liu and Wing-Cheung Ho and Takeshi Oka",
    journal =      "J.~Chem.~Phys.",
    volume =       "87",
    pages =        "2442",
    year =         "1987"
}
@article{exp8,
    author =       "C. E. Blom and K. M$\ddot{o}$ller and R. R. Filgueira",
    journal =      "Chem.~Phys.~Lett.",
    volume =       "140",
    number =       "5",
    pages =        "489--492",
    year =         "1987"
}
@article{exp9,
    author =       "Zhuan Liu and Paul B. Davies",
    journal =      "J.~Chem.~Phys.",
    volume =       "107",
    number =       "2",
    pages =        "337",
    year =         "1997"
}
@article{exp10,
    author =       "J. Purder and S. Civis and C. E. Blom and M. C van Hemert",
    journal =      "J.~Mol.~Spectrosc.",
    volume =       "153",
    pages =        "701--709",
    year =         "1992"
}
@article{Astro1_SS_HeH+,
    author =       "W. Roberge and A. Dalgarno",
    journal =      "Astrophys.~J.",
    volume =       "255",
    pages =        "489--496",
    year =         "1982"
}
@article{Astro2,
    author =       "James R. Hamilton and Alexandre Faure and Jonathan Tennyson",
    journal =      "MNRAS",
    volume =       "455",
    number =       "3",
    pages =        "3281--3287",
    year =         "2016"
}
@article{Astro3,
    author =       "I. Dabrowski and G. Herzberg",
    journal =      "Trans.~N.~Y.~Acad.~Sci.~Ser.~II",
    volume =       "38",
    pages =        "14--25",
    year =         "1977"
}
@article{Astro4,
    author =       "J. H. Black",
    journal =      "Astrophys.~J.",
    volume =       "222",
    pages =        "125--131",
    year =         "1978"
}
@article{Astro5,
    author =       "D. R. Flower and E. Roueff",
    journal =      "Astron.~Astrophys.",
    volume =       "72",
    pages =        "361--366",
    year =         "1979"
}
@article{GPT,
    author =       "W. Cencek and K. Kutzelnigg",
    journal =      "Chem.~Phys.~Lett.",
    volume =       "266",
    pages =        "383--387",
    year =         "1997"
}
@article{TN,
    author =       "Stephen G. Nash",
    journal =      "J.~Comput.~Appl.~Math.",
    volume =       "124",
    pages =        "45--59",
    year =         "2000"
}
@article{Adiabatic1,
    author =       "Nicholas C. Handy and Yukio Yamaguchi and Henry F. Schaefer",
    journal =      "J.~Chem.~Phys.",
    volume =       "84",
    pages =        "4481",
    year =         "1986"
}
@article{Adiabatic2,
    author =       "Rami Gherib and Liyuan Ye and Ilya G. Ryabinkin and Artur F. Izmaylov",
    journal =      "J.~Chem.~Phys.",
    volume =       "144",
    pages =        "154103",
    year =         "2016"
}
@article{Adiabatic3,
    author =       "Wojciech Cencek and Werner Kutzelnigg",
    journal =      "Chem.~Phys.~Lett.",
    volume =       "266",
    pages =        "383--387",
    year =         "1997"
}
@article{nonAdiab1,
    author =       "P. R. Bunker and R. E. Moss",
    journal =      "Mol.~Phys.",
    volume =       "33",
    pages =        "417--424",
    year =         "1977"
}
@article{nonAdiab2,
    author =       "P. R. Bunker and C. J. McLarnon and R. E. Moss",
    journal =      "Mol.~Phys.",
    volume =       "33",
    pages =        "425--429",
    year =         "1977"
}
%Effective lagrangians for bound state problems in QED, QCD, and other field theories,
@article{d17,
    author =       "W. E. Caswell and G. P. Lepage",
    journal =      "Phys.~Lett.~B",
    volume =       "167",
    pages =        "437",
    year =         "1986"
}
%Overview of Non-Relativistic QCD,
@article{d18,
    author =       "J. Soto",
    journal =      "Eur.~Phys.~J. A",
    volume =       "31",
    pages =        "705",
    year =         "2007"
}
%Interplay of relativistic and nuclear effects in few-electron atoms and ions,
@article{d19,
    author =       "J. Sapirstein",
    journal =      "Int.~J.~Quantum Chem.",
    volume =       "106",
    pages =        "3178",
    year =         "2006"
}
%Radiative corrections to the muonium hyperfine structure:
%The $\alpha^2 (Z \alpha)$ correction,
@article{d20,
    author =       "T. Kinoshita and M. Nio",
    journal =      "Phys.~Rev.~D",
    volume =       "53",
    pages =        "4909",
    year =         "1996"
}
%Quantum Mechanics of One- and Two-Electron Atoms
@article{BS1977,
    author =       "H. A. Bethe and E. E. Salpeter",
    journal =      "Plenum~Publishing~Corporation:~New~York",
    volume =       "",
    pages =        "",
    year =         "1977"
}
%Quantum Mechanics of One- and Two-Electron Systems
@article{Be,
    author =       "H. A. Bethe and E. E. Salpeter",
    journal =      "Springer,~Berlin,~Germany",
    volume =       "",
    pages =        "",
    year =         "1975"
}
@article{Ar,
    author =       "H. Araki",
    journal =      "Prog.~Theor.~Phys.",
    volume =       "17",
    pages =        "619",
    year =         "1957"
}
@article{Su,
    author =       "J.~Sucher",
    journal =      "Phys.~Rev.",
    volume =       "109",
    pages =        "1010",
    year =         "1958"
}
%Theoretical Determination of the Dissociation Energy of Molecular Hydrogen
@article{Jeziorski,
    author =       "K. Piszczatowski and G. Lach and M. Przybytek and J. Komasa and K. Pachucki and B. Jeziorski",
    journal =      "J.~Chem.~Theory~Comput.",
    volume =       "5",
    pages =        "3039",
    year =         "2009"
}
%Algorithms for calculating mass-velocity and Darwin relativistic corrections with n-electron explicitly correlated
%Gaussians with shifted centers
@article{ms1,
    author =       "M. Stanke and E. Palikot and L. Adamowicz",
    journal =      "J.~Chem.~Phys.",
    volume =       "144",
    pages =        "174101",
    year =         "2016"
}
%Orbit-orbit relativistic correction calculated with all-electron molecular explicitly correlated Gaussians
@article{ms2,
    author =       "M. Stanke and E. Palikot and D. K\c{e}dziera and L. Adamowicz",
    journal =      "J.~Chem.~Phys.",
    volume =       "145",
    pages =        "22411",
    year =         "2016"
}
%Algorithms for calculating the leading quantum electrodynamics P(1/r(3)) correction with all-electron molecular explicitly %correlated Gaussians
@article{ms3,
    author =       "M. Stanke and J. Jurkowski and  L. Adamowicz",
    journal =      "J.~Phys.~B~Atm.~Mol.~Opt.~Phys.",
    volume =       "50",
    pages =        "065101",
    year =         "2017"
}
@article{LEVEL,
    author =       "Robert J. Le Roy",
    journal =      "J.~Quant.~Spectrosc.~Rad.~Transfer",
    volume =       "186",
    pages =        "167--178",
    year =         "2017"
}
